<record><leader>00000cas a22000007a 4500</leader><controlfield tag="001">13060116</controlfield><controlfield tag="008">860124d18981901wvuwr ne      0    0eng d</controlfield><datafield ind1=" " ind2=" " tag="010"><subfield code="a">sn 86092128 </subfield></datafield><datafield ind1=" " ind2=" " tag="040"><subfield code="a">WVC</subfield><subfield code="b">eng</subfield><subfield code="c">WVC</subfield><subfield code="d">OCL</subfield><subfield code="d">OCLCQ</subfield></datafield><datafield ind1=" " ind2=" " tag="042"><subfield code="a">msc</subfield></datafield><datafield ind1="0" ind2="0" tag="245"><subfield code="a">Weekly mail tribune.</subfield></datafield><datafield ind1="1" ind2="7" tag="246"><subfield code="a">Mail tribune</subfield></datafield><datafield ind1=" " ind2=" " tag="260"><subfield code="a">Charleston, W. Va. :</subfield><subfield code="b">Tribune Co.</subfield></datafield><datafield ind1=" " ind2=" " tag="300"><subfield code="a">v.</subfield></datafield><datafield ind1=" " ind2=" " tag="310"><subfield code="a">Weekly</subfield></datafield><datafield ind1="1" ind2=" " tag="362"><subfield code="a">Began in 1898.</subfield></datafield><datafield ind1="1" ind2=" " tag="362"><subfield code="a">Ceased in June 1901.</subfield><subfield code="z">Cf. Salutatory for Charleston Daily Mail (Charleston, W. Va. : 1901).</subfield></datafield><datafield ind1=" " ind2=" " tag="500"><subfield code="a">"Republican."</subfield></datafield><datafield ind1=" " ind2=" " tag="500"><subfield code="a">"Established in 1881."</subfield></datafield><datafield ind1=" " ind2=" " tag="500"><subfield code="a">Editor: H. Martin.</subfield></datafield><datafield ind1=" " ind2=" " tag="515"><subfield code="a">Continued numbering from: Weekly star-tribune.</subfield></datafield><datafield ind1=" " ind2=" " tag="588"><subfield code="a">Description based on: Charleston star, vol. 13, no. 9, and: State tribune, vol. 19, no. 9 (Oct. 18, 1900).</subfield></datafield><datafield ind1=" " ind2=" " tag="752"><subfield code="a">United States</subfield><subfield code="b">West Virginia</subfield><subfield code="c">Kanawha</subfield><subfield code="d">Charleston.</subfield></datafield><datafield ind1="0" ind2=" " tag="775"><subfield code="t">Daily mail tribune</subfield><subfield code="w">(DLC)sn 86092142</subfield></datafield><datafield ind1="0" ind2=" " tag="775"><subfield code="t">Mail tribune</subfield><subfield code="w">(DLC)sn 86092143</subfield></datafield><datafield ind1="0" ind2="4" tag="780"><subfield code="t">Weekly star-tribune</subfield><subfield code="w">(DLC)sn 86092134</subfield></datafield><datafield ind1="0" ind2="4" tag="780"><subfield code="t">Charleston weekly mail (Charleston, W. Va. : 1892)</subfield><subfield code="w">(DLC)sn 86092127</subfield></datafield><datafield ind1="0" ind2="0" tag="785"><subfield code="t">Charleston weekly mail (Charleston., W. Va. : 1901)</subfield><subfield code="w">(DLC)sn 86092129</subfield></datafield></record>